[gd_scene load_steps=13 format=1]

[ext_resource path="res://scripts/character.gd" type="Script" id=1]
[ext_resource path="res://assets/shagra.png" type="Texture" id=2]
[ext_resource path="res://assets/font.fnt" type="BitmapFont" id=3]

[sub_resource type="CapsuleShape2D" id=10]

custom_solver_bias = 0.0
radius = 12.7928
height = 7.59738

[sub_resource type="Animation" id=2]

resource/name = "IdleEast"
length = 0.5
loop = false
step = 0.1
tracks/0/type = "value"
tracks/0/path = NodePath(".:frame")
tracks/0/interp = 1
tracks/0/imported = false
tracks/0/keys = { "times":FloatArray( 0 ), "transitions":FloatArray( 1 ), "update":1, "values":[ 7 ] }

[sub_resource type="Animation" id=3]

resource/name = "IdleNorth"
length = 0.5
loop = false
step = 0.1
tracks/0/type = "value"
tracks/0/path = NodePath(".:frame")
tracks/0/interp = 1
tracks/0/imported = false
tracks/0/keys = { "times":FloatArray( 0 ), "transitions":FloatArray( 1 ), "update":1, "values":[ 10 ] }

[sub_resource type="Animation" id=4]

resource/name = "IdleSouth"
length = 0.5
loop = false
step = 0.1
tracks/0/type = "value"
tracks/0/path = NodePath(".:frame")
tracks/0/interp = 1
tracks/0/imported = false
tracks/0/keys = { "times":FloatArray( 0 ), "transitions":FloatArray( 1 ), "update":1, "values":[ 1 ] }

[sub_resource type="Animation" id=5]

length = 0.5
loop = false
step = 0.1
tracks/0/type = "value"
tracks/0/path = NodePath(".:frame")
tracks/0/interp = 1
tracks/0/imported = false
tracks/0/keys = { "times":FloatArray( 0 ), "transitions":FloatArray( 1 ), "update":1, "values":[ 4 ] }

[sub_resource type="Animation" id=6]

length = 0.5
loop = true
step = 0.1
tracks/0/type = "value"
tracks/0/path = NodePath(".:frame")
tracks/0/interp = 1
tracks/0/imported = false
tracks/0/keys = { "times":FloatArray( 0, 0.2 ), "transitions":FloatArray( 1, 1 ), "update":1, "values":[ 6, 8 ] }

[sub_resource type="Animation" id=7]

length = 0.5
loop = true
step = 0.1
tracks/0/type = "value"
tracks/0/path = NodePath(".:frame")
tracks/0/interp = 1
tracks/0/imported = false
tracks/0/keys = { "times":FloatArray( 0, 0.2 ), "transitions":FloatArray( 1, 1 ), "update":1, "values":[ 9, 11 ] }

[sub_resource type="Animation" id=8]

resource/name = "RunSouth"
length = 0.5
loop = true
step = 0.1
tracks/0/type = "value"
tracks/0/path = NodePath(".:frame")
tracks/0/interp = 1
tracks/0/imported = false
tracks/0/keys = { "times":FloatArray( 0, 0.2 ), "transitions":FloatArray( 1, 1 ), "update":1, "values":[ 0, 2 ] }

[sub_resource type="Animation" id=9]

length = 0.5
loop = true
step = 0.1
tracks/0/type = "value"
tracks/0/path = NodePath(".:frame")
tracks/0/interp = 1
tracks/0/imported = false
tracks/0/keys = { "times":FloatArray( 0, 0.2 ), "transitions":FloatArray( 1, 1 ), "update":1, "values":[ 5, 3 ] }

[node name="Character" type="KinematicBody2D"]

transform/pos = Vector2( 0.397217, 32.0451 )
input/pickable = false
shapes/0/shape = SubResource( 10 )
shapes/0/transform = Matrix32( 1, 0, 0, 1, -0.790527, 17.1403 )
shapes/0/trigger = false
collision/layers = 1
collision/mask = 1
collision/margin = 0.08
script/script = ExtResource( 1 )
__meta__ = { "_edit_group_":true }

[node name="Sprite" type="Sprite" parent="."]

texture = ExtResource( 2 )
vframes = 4
hframes = 3
frame = 7
region_rect = Rect2( 0, 0, 35, 70 )

[node name="AnimationPlayer" type="AnimationPlayer" parent="Sprite"]

playback/process_mode = 1
playback/default_blend_time = 0.0
root/root = NodePath("..")
anims/IdleEast = SubResource( 2 )
anims/IdleNorth = SubResource( 3 )
anims/IdleSouth = SubResource( 4 )
anims/IdleWest = SubResource( 5 )
anims/RunEast = SubResource( 6 )
anims/RunNorth = SubResource( 7 )
anims/RunSouth = SubResource( 8 )
anims/RunWest = SubResource( 9 )
next/IdleNorth = ""
next/IdleSouth = ""
next/IdleWest = ""
next/RunNorth = ""
next/RunSouth = ""
next/RunWest = ""
playback/active = true
playback/speed = 1.0
blend_times = [  ]
autoplay = ""

[node name="Camera2D" type="Camera2D" parent="."]

transform/pos = Vector2( -303.601, -302.493 )
offset = Vector2( -200, 0 )
anchor_mode = 0
rotating = false
current = true
zoom = Vector2( 1, 1 )
limit/left = -10000000
limit/top = -10000000
limit/right = 10000000
limit/bottom = 10000000
drag_margin/h_enabled = true
drag_margin/v_enabled = true
smoothing/enable = false
smoothing/speed = 5.0
drag_margin/left = 0.2
drag_margin/top = 0.2
drag_margin/right = 0.2
drag_margin/bottom = 0.2

[node name="Node2D" type="Node2D" parent="."]

transform/pos = Vector2( 0, 0.35849 )
z/z = 999

[node name="Label" type="Label" parent="Node2D"]

focus/ignore_mouse = true
focus/stop_mouse = true
size_flags/horizontal = 2
size_flags/vertical = 0
margin/left = -482.0
margin/top = -286.0
margin/right = -359.0
margin/bottom = -250.0
custom_fonts/font = ExtResource( 3 )
custom_colors/font_color = Color( 0.878431, 0.788235, 0.643137, 1 )
custom_colors/font_color_shadow = Color( 0, 0, 0, 1 )
uppercase = true
percent_visible = 1.0
lines_skipped = 0
max_lines_visible = -1

[node name="objective" type="Label" parent="Node2D"]

focus/ignore_mouse = true
focus/stop_mouse = true
size_flags/horizontal = 2
size_flags/vertical = 0
margin/left = -215.0
margin/top = -75.0
margin/right = 225.0
margin/bottom = 78.0
custom_fonts/font = ExtResource( 3 )
custom_colors/font_color = Color( 0.87451, 0.784314, 0.639216, 1 )
custom_colors/font_color_shadow = Color( 0, 0, 0, 1 )
text = "Find your husband!\n\n\nPress Space to throw fireball!\nUse arrow keys to move!"
align = 1
percent_visible = 1.0
lines_skipped = 0
max_lines_visible = -1

[node name="CollisionShape2D" type="CollisionShape2D" parent="."]

transform/pos = Vector2( -0.790527, 17.1403 )
shape = SubResource( 10 )
trigger = false
_update_shape_index = 0


